<collection xmlns="http://www.loc.gov/MARC21/slim"><record><leader>00803nam  2200229   450</leader><controlfield tag="001">240</controlfield><controlfield tag="003">http://montalegre.opacnet.com/OPAC/default.aspx?ContentAreaControl=ShowRegHoldings.ascx&amp;RegNo=16662</controlfield><datafield tag="095" ind1=" " ind2=" "><subfield code="a">PTBN00015495</subfield></datafield><datafield tag="100" ind1=" " ind2=" "><subfield code="a">19861001d1986    k  y0pora010305  ba</subfield></datafield><datafield tag="101" ind1="1" ind2=" "><subfield code="a">por</subfield></datafield><datafield tag="102" ind1=" " ind2=" "><subfield code="a">PT</subfield></datafield><datafield tag="200" ind1="1" ind2=" "><subfield code="a">Bestiário</subfield><subfield code="e">contos</subfield><subfield code="f">Julio Cortázar</subfield><subfield code="g">trad. Joaquim Pais Brito</subfield></datafield><datafield tag="210" ind1=" " ind2=" "><subfield code="a">Lisboa</subfield><subfield code="c">Dom Quixote</subfield><subfield code="d">1986</subfield></datafield><datafield tag="215" ind1=" " ind2=" "><subfield code="a">147 p.</subfield><subfield code="d">20 cm</subfield></datafield><datafield tag="225" ind1="2" ind2=" "><subfield code="a">Biblioteca de bolso D. Quixote</subfield><subfield code="v">7</subfield></datafield><datafield tag="304" ind1=" " ind2=" "><subfield code="a">Tít. orig. Bestiário</subfield></datafield><datafield tag="675" ind1=" " ind2=" "><subfield code="a">821.134.2(7/8)</subfield><subfield code="v">BN</subfield><subfield code="z">por</subfield></datafield><datafield tag="700" ind1=" " ind2="1"><subfield code="a">Cortázar</subfield><subfield code="b">Julio</subfield><subfield code="f">1914-1984</subfield></datafield><datafield tag="702" ind1=" " ind2="1"><subfield code="a">Brito</subfield><subfield code="b">Joaquim Pais de</subfield><subfield code="f">1945</subfield><subfield code="4">730</subfield></datafield><datafield tag="801" ind1=" " ind2="0"><subfield code="a">PT</subfield><subfield code="b">Biblioteca Municipal de Montalegre</subfield><subfield code="g">RPC</subfield></datafield><datafield tag="856" ind1=" " ind2=" "><subfield code="u">locateMedia.asp?cod=20060510152543&amp;ext=jpg</subfield><subfield code="z">CAPA</subfield></datafield><datafield tag="909" ind1="&#9;" ind2=" "><subfield code="a">2</subfield></datafield><datafield tag="966" ind1=" " ind2=" "><subfield code="a">0008604</subfield><subfield code="l">BMM</subfield><subfield code="s">SCG 821.134.2(7/8) COR bes 7</subfield></datafield><datafield tag="966" ind1=" " ind2=" "><subfield code="a">0008855</subfield><subfield code="l">BMM</subfield><subfield code="s">SCG 821.134.2(7/8) COR bes 7</subfield></datafield></record></collection>